
@online{
computacionm,
author = "Nelo Maestre and Ágata Timón",
title = "Así terminó el sueño de las matemáticas infalibles(y de paso, nació la computación moderna",
year = "2018",
url = "https://www.bbvaopenmind.com/ciencia/matematicas/asi-termino-el-sueno-de-las-matematicas-infalibles/",
urldate = "2020-02-26"
}

@online{
Alanturing,
author = "La vanguardia",
title = "¿Qué aportó a la ciencia Alan Turing?",
year = "2018",
url = "https://www.lavanguardia.com/natural/20200324/4874402309/animales-ciudades-confinamiento-imagenes-curiosas.html",
urldate = "2020-02-26"
}

@online{
Cantor,
author = "Bibiana García Visos and Daniel Arias Mosquera",
title = "Georg Cantor, el hombre que descubrió distintos infinitos",
year = "2019",
url = "https://www.bbvaopenmind.com/ciencia/matematicas/georg-cantor-el-hombre-que-descubrio-distintos-infinitos/",
urldate = "2020-02-26"
}

@online{
Hilbert1,
author = "EcuRed",
title = "David Hilbert",
year = "",
url = "https://www.ecured.cu/David_Hilbert",
urldate = "2020-02-26"
}

@online{
Hilbert2,
author = "Fernando Bombal",
title = "David Hilbert y la defensa del rigor matemático ",
year = "2018",
url = "https://elpais.com/elpais/2018/02/19/ciencia/1519033592_636265.html",
urldate = "2020-02-26"
}

@online{
enigma,
author = "hipertextual",
title = "La máquina Enigma, el sistema de cifrado que puso en jaque a Europa",
year = "2011",
url = "https://hipertextual.com/2011/07/la-maquina-enigma-el-sistema-de-cifrado-que-puso-en-jaque-a-europa",
urldate = "2020-02-26"
}

@online{
KurtG2,
author = "Elías Baro Gonzalez and Amador Martín Pizarro",
title = "Gödel y los límites de las matemáticas ",
year = "2019",
url = "https://elpais.com/elpais/2019/01/24/ciencia/1548329597_971134.html",
urldate = "2020-02-26"
}

@online{
KurtG1,
author = "Elías Baro Gonzalez and Amador Martín Pizarro",
title = "Kurt Gödel",
year = "",
url = "https://www.ecured.cu/Kurt_Gödel",
urldate = "2020-02-26"
}
